@String{evt:coins = "The IEEE International Conference on Omni-Layer
                  Intelligent Systems (COINS)"}

@InProceedings{lloyd-et-al-23,
  author       = {Thomas Lloyd and Daire O'Broin and Martin Harrigan},
  title        = {Emergent Outcomes of the {veToken} Model},
  booktitle    = evt:coins,
  year         = 2023,
  publisher    = pub:ieee,
  doi          = {10.1109/COINS57856.2023.10189201}
}
